% book
% Required fields: author or editor, title, publisher, year. 
% Optional fields: volume or number, series, address, edition, month, note.
% @book{coulouris,
%   author = {Coulouris  G.  F.,  Dollimore J. e  Kindberg T},
%   title = {Distributed Systems: concepts and Design},
%   publisher = {Addison-Wesley},
%   year = {1994},
%   edition = "second edition"
% }

% article
% Required fields: author, title, journal, year. 
% Optional fields: volume, number, pages, month, note.
% @article{donoho,
%   author = {Donoho D. L.},
%   title = {Compressed Sensing},
%   journal = {IEEE Trans. Inf. Theory},
%   volume = {52},
%   number = {4},
%   pages = {1289-1306},
%   year = {2006}
% }

% conference
% same as inproceedings
% Required fields: author, title, booktitle, year. 
% Optional fields: editor, volume or number, series, pages, address, month, organization, publisher, note
% @conference{dalal,
%   author = {Dalal N., Triggs B.},
%   title = {Histograms of Oriented Gradients for Human Detection},
%   booktitle = {Computer Vision and Pattern Recognition (CVPR)},
%   address = {San Diego, USA},
%   year = {2005},
%   month = {20-26 June},
%   pages = {886-893}
% }

% website
% as misc
% Required fields: none. 
% Optional fields: author, title, howpublished, month, year, note.
% @misc{ictbusiness,
%   title = {ICT business},
%   howpublished = {http://www.ictbusiness.it/},
%   note = {ultimo accesso 15/06/2015}
% }


% 1. Electricity Data Model
@article{CHEN201798,
  title = {Data quality of electricity consumption data in a smart grid environment},
  journal = {Renewable and Sustainable Energy Reviews},
  volume = {75},
  pages = {98-105},
  year = {2017},
  issn = {1364-0321},
  doi = {https://doi.org/10.1016/j.rser.2016.10.054},
  url = {https://www.sciencedirect.com/science/article/pii/S1364032116307109},
  author = {Wen Chen and Kaile Zhou and Shanlin Yang and Cheng Wu}
}

@INPROCEEDINGS{8577770,
  author={Chen, Ying and Xue, Wei Xian and Xie, Xing Long},
  booktitle={2018 IEEE 3rd Advanced Information Technology, Electronic and Automation Control Conference (IAEAC)}, 
  title={Big-Data-Based Modeling of Electricity Consumption Behavior}, 
  year={2018},
  volume={},
  number={},
  pages={1380-1387},
  doi={10.1109/IAEAC.2018.8577770}
}

@INPROCEEDINGS{8284772,
  author={Ye, Fei and Shao, Ping and Guo, Yanmin and Geng, Jian},
  booktitle={2017 IEEE 2nd Information Technology, Networking, Electronic and Automation Control Conference (ITNEC)}, 
  title={A data modeling method for power trading operation based on horizontal and vertical dimension integration}, 
  year={2017},
  volume={},
  number={},
  pages={448-452},
  doi={10.1109/ITNEC.2017.8284772}
}

@INPROCEEDINGS{5772503,
  author={Simmins, John J.},
  booktitle={2011 IEEE/PES Power Systems Conference and Exposition}, 
  title={The impact of PAP 8 on the Common Information Model (CIM)}, 
  year={2011},
  volume={},
  number={},
  pages={1-2},
  doi={10.1109/PSCE.2011.5772503}
}


% 2. Time Series Forecasting


% 3. Electricity Demand Forecasting


% 4. Consumption Baseline Forecasting


% 5. Electricity Production Forecasting


% AutoML


% Transformers

